@misc {hypertransport,
  title={{HyperTransport Consortium}},
  howpublished={\url{http://www.hypertransport.org/}},
  year={2011},
}

@inproceedings{Kroft,
	author = {Kroft, David},
	title = {Lockup-free instruction fetch/prefetch cache organization},
	booktitle = {ISCA '81: Proceedings of the 8th annual symposium on Computer Architecture},
	year = {1981},
	pages = {81--87},
	location = {Minneapolis, Minnesota, United States},
	publisher = {IEEE Computer Society Press},
	address = {Los Alamitos, CA, USA},
}

@misc{cacti,
	title={{CACTI} 5.3 (rev 174)},
	author={HP Labs},
	howpublished={Website},
	month={October},
	year={2010},
	note={\url{http://www.hpl.hp.com/research/cacti/}},
}

@article{DRISC96,
  author = {A. Bolychevsky and C.R. Jesshope and V.B. Muchnick},
  title = {{Dynamic scheduling in RISC architectures}},
  journal = {IEE Trans. E, Computers and Digital Techniques},
  year = {1996},
  volume = {143},
  pages = {309--317}
}

@manual{svp10,
	author={C.R. Jesshope and others},
	title={The SVP model},
	year={2008},
	month={12},
	url={http://notes.svp-home.org/svp10.html}
}

@article{ILP06,
	author={K. Bousias and N.M. Hasasneh and C.R. Jesshope},
	title={Instruction-level parallelism through Microthreading---a scalable Approach to chip multiprocessors},
	journal={The Computer Journal},
	volume={49},
	number={2},
	pages={211--233},
	year={2006}
}

@inbook{Brookes,
  author = {Brookes, S. and Roscoe, A. W.},
  title = {Deadlock analysis in networks of communicating processes},
  book = {Logics and models of concurrent systems},
  year = {1985},
  isbn = {0-387-15181-8},
  pages = {305--323},
  numpages = {19},
  url = {http://portal.acm.org/citation.cfm?id=101969.101982},
  acmid = {101982},
  publisher = {Springer-Verlag New York, Inc.},
  address = {New York, NY, USA},
} 
