@techreport{AppleCoreD6.3,
	author={M. Danek and L. Kafka and J. Sykora and L. Kohout and R. Bartosinski},
	title={{Implementation of a Soft-Core Microthreaded Processor Based on the LEON3 Processor, V1}},
	year={2010},
	institution={Institute of Information Theory and Automation},
	address={Prague},
	note={{Apple-CORE Deliverable D6.3, Issue 1.0}},
}